@article{Inchauste,
    author  = "Francisco Inchauste",
    title   = "Finding meaning in the technium cave",
    year    = "2013",
    journal = "Distance",
    volume  = "02",
}

@article{Herzog,
    author  = "Warner. Herzog",
    title   = "Cave of Forgotten Dreams",
    year    = "2011",
    journal = "The New Yorker"
}